<?xml version="1.0" encoding="UTF-8"?><collection xmlns="http://www.loc.gov/MARC21/slim"><record><leader>00370nam--2200133-i-4500</leader><controlfield tag="001">000009280</controlfield><controlfield tag="002">20161230</controlfield><controlfield tag="005">20161230201028</controlfield><controlfield tag="008">060222s1000------------r-----000-0-eng-d</controlfield><datafield ind1=" " ind2=" " tag="100"><subfield code="a">Belorizky, E.Et Ayant, Y</subfield></datafield><datafield ind1=" " ind2=" " tag="245"><subfield code="a">Cours de mecanique quantique.maitrise de physi que</subfield></datafield><datafield ind1=" " ind2=" " tag="260"><subfield code="a">Paris, Dunod, 1969. Xi + 319 P</subfield></datafield><datafield ind1=" " ind2=" " tag="490"><subfield code="a">Collection Dunod Universite</subfield></datafield><datafield ind1=" " ind2=" " tag="852"><subfield code="a">32681</subfield></datafield></record></collection>